@preamble{ "\newcommand{\noopsort}[1]{} "
	# "\newcommand{\printfirst}[2]{#1} "
	# "\newcommand{\singleletter}[1]{#1} "
	# "\newcommand{\switchargs}[2]{#2#1} " }

@article{SLSQP,
  title={A software package for sequential quadratic programming},
  author={Kraft, Dieter},
  journal={Forschungsbericht- Deutsche Forschungs- und Ver\-suchs\-an\-stalt fur Luft- und Raumfahrt},
  year={1988}
}

@article{trust-constr,
  title={An interior point algorithm for large-scale nonlinear programming},
  author={Byrd, Richard H and Hribar, Mary E and Nocedal, Jorge},
  journal={SIAM Journal on Optimization},
  volume={9},
  number={4},
  pages={877--900},
  year={1999},
  publisher={SIAM}
}

@article{HoG,
  title={House of Graphs 2.0: a database of interesting graphs and more},
  author={Coolsaet, Kris and Dâ€™hondt, Sven and Goedgebeur, Jan},
  journal={Discrete Applied Mathematics},
  volume={325},
  pages={97--107},
  year={2023},
  publisher={Elsevier}
}

@article{toroidal,
  title={Drawing graphs on the torus},
  author={Kocay, William and Neilson, Daniel and Szypowski, Ryan},
  journal={Ars Combinatoria},
  volume={59},
  number={2},
  pages={259--277},
  year={2001},
  publisher={Waterloo [Ont.] Dept. of Combinatorics and Optimization, University of Waterloo.}
}

@article{tutte_beginning,
  title={A class of self-dual maps},
  author={Smith, Cedric AB and Tutte, WT},
  journal={Canadian Journal of Mathematics},
  volume={2},
  pages={179--196},
  year={1950},
  publisher={Cambridge University Press}
}


@article{goddyn_fractional_nzf,
  title={On (k, d)-colorings and fractional nowhere-zero flows},
  author={Goddyn, Luis A and Tarsi, Michael and Zhang, Cun-Quan},
  journal={Journal of Graph Theory},
  volume={28},
  number={3},
  pages={155--161},
  year={1998},
  publisher={Wiley Online Library}
}

@article{goedgebeur_conjectured_circular_bound,
  title={Computational results and new bounds for the circular flow number of snarks},
  author={Goedgebeur, Jan and Mattiolo, Davide and Mazzuoccolo, Giuseppe},
  journal={Discrete Mathematics},
  volume={343},
  number={10},
  pages={11},
  year={2020},
  publisher={Elsevier}
}

@article{jaeger1979flows,
  title={Flows and generalized coloring theorems in graphs},
  author={Jaeger, Fran{\c{c}}ois},
  journal={Journal of combinatorial theory, series B},
  volume={26},
  number={2},
  pages={205--216},
  year={1979},
  publisher={Elsevier}
}

@article{archdeacon_5ocdc,
  title={Face colorings of embedded graphs},
  author={Archdeacon, Dan},
  journal={Journal of graph theory},
  volume={8},
  number={3},
  pages={387--398},
  year={1984},
  publisher={Wiley Online Library}
}

@article{steffen_circular,
  title={Circular flow numbers of regular multigraphs},
  author={Steffen, Eckhard},
  journal={Journal of Graph Theory},
  volume={36},
  number={1},
  pages={24--34},
  year={2001},
  publisher={Wiley Online Library}
}

@article{tutte,
  title={A contribution to the theory of chromatic polynomials},
  author={Tutte, William Thomas},
  journal={Canadian journal of mathematics},
  volume={6},
  pages={80--91},
  year={1954},
  publisher={Cambridge University Press}
}

@article{wheel_lower_bound,
  title={A lower bound for the complex flow number of a graph: A geometric approach},
  author={Mattiolo, Davide and Mazzuoccolo, Giuseppe and Rajn{\'\i}k, Jozef and Tabarelli, Gloria},
  journal={Journal of Graph Theory},
  year={2024},
  publisher={Wiley Online Library}
}

@article{complex_flows,
  title={On $d$-dimensional nowhere-zero $r$-flows on a graph},
  author={Mattiolo, Davide and Mazzuoccolo, Giuseppe and Rajn{\'\i}k, Jozef and Tabarelli, Gloria},
  journal={European Journal of Mathematics},
  volume={9},
  number={4},
  pages={101},
  year={2023},
  publisher={Springer}
}

@article{cycle_rank,
  title={Real flow number and the cycle rank of a graph},
  author={Luko\v{t}ka, Robert and {\v{S}}koviera, Martin},
  journal={Journal of Graph Theory},
  volume={59},
  number={1},
  pages={11--16},
  year={2008},
  publisher={Wiley Online Library}
}

@article{blanusa_flow_number,
  title={Circular flow number of generalized Blanu{\v{s}}a snarks},
  author={Luko\v{t}ka, Robert},
  journal={Discrete Mathematics},
  volume={313},
  number={8},
  pages={975--981},
  year={2013},
  publisher={Elsevier}
}

@article{seymour,
  title={Nowhere-zero 6-flows},
  author={Seymour, Paul D.},
  journal={Journal of combinatorial theory, series B},
  volume={30},
  number={2},
  pages={130--135},
  year={1981},
  publisher={Elsevier}
}

@book{diestel,
  author={Diestel, Reinhard},
  title={Graph Theory},
  year={2017},
  publisher={Springer},
  editor={Axler, Sheldon and Ribet, Kenneth},
  edition={Fifth}
}

@book{functional_analysis,
  title={Principles of real analysis},
  author={Aliprantis, Charalambos D. and Burkinshaw, Owen},
  year={1998},
  publisher={Gulf Professional Publishing},
  edition={Third}
}

@misc{3d_flows,
  author = {Jain, Kamal},
  title = {Unit vector flows},
  year = {2007},
  howpublished = {\url{http://www.openproblemgarden.org/op/unit_vector_flows}},
  note = {Accessed: March 4, 2024},
}

@misc{double_covers,
  author = {Celmins, Uldis A. and Preissmann, Myriam},
  title = {(m,n)-cycle covers},
  year = {2007},
  howpublished = {\url{http://www.openproblemgarden.org/op/m_n_cycle_covers}},
  note = {Accessed: March 4, 2024},
}

@misc{dnf_to_cnf,
  author = {Atkey, Robert},
  title = {Converting to CNF},
  year = {2023},
  howpublished = {\url{https://personal.cis.strath.ac.uk/robert.atkey/cs208/converting-to-cnf.html}},
  note = {Accessed: April 26, 2024},
}

@book{zhang_oriented_covers,
  title={Integer flows and cycle covers of graphs},
  author={Zhang, Cun-Quan},
  volume={205},
  year={1997},
  publisher={CRC Press}
}

@article{7d_flows,
  title={Group flow, complex flow, unit vector flow, and the $(2+\varepsilon)$-flow conjecture},
  author={Thomassen, Carsten},
  journal={Journal of Combinatorial Theory, Series B},
  volume={108},
  pages={81--91},
  year={2014},
  publisher={Elsevier}
}

@book{kirchhoff,
  title={Electric Circuits},
  author={Zeng, G and Zeng, Megan},
  year={2021},
  publisher={Springer}
}

@article{7cycle4cover,
  title={Shortest coverings of graphs with cycles},
  author={Bermond, Jean Claude and Jackson, Bill and Jaeger, Fran{\c{c}}ois},
  journal={Journal of Combinatorial Theory, Series B},
  volume={35},
  number={3},
  pages={297--308},
  year={1983},
  publisher={Elsevier}
}
